
@Article{world_bank_moment,
	author = {The World Bank},
	title = {World Bank Open Data},
	journal = {journal},
	year = {year},
	OPTkey = {key},
	OPTvolume = {volume},
	OPTnumber = {number},
	OPTpages = {pages},
	OPTmonth = {month},
	OPTnote = {note},
	OPTannote = {annote},
}
@InProceedings{ID,
	author = {author},
	title = {title},
	booktitle = {booktitle},
	OPTcrossref = {crossref},
	OPTkey = {key},
	OPTpages = {pages},
	OPTyear = {year},
	OPTeditor = {editor},
	OPTvolume = {volume},
	OPTnumber = {number},
	OPTseries = {series},
	OPTaddress = {address},
	OPTmonth = {month},
	OPTorganization = {organization},
	OPTpublisher = {publisher},
	OPTnote = {note},
	OPTannote = {annote},
}

@InCollection{ID,
	author = {author},
	title = {title},
	booktitle = {booktitle},
	OPTcrossref = {crossref},
	OPTkey = {key},
	OPTpages = {pages},
	OPTpublisher = {publisher},
	OPTyear = {year},
	OPTeditor = {editor},
	OPTvolume = {volume},
	OPTnumber = {number},
	OPTseries = {series},
	OPTtype = {type},
	OPTchapter = {chapter},
	OPTaddress = {address},
	OPTedition = {edition},
	OPTmonth = {month},
	OPTnote = {note},
	OPTannote = {annote},
}

@InBook{ID,
	ALTauthor = {author},
	ALTeditor = {editor},
	title = {title},
	chapter = {chapter},
	publisher = {publisher},
	year = {year},
	OPTkey = {key},
	OPTvolume = {volume},
	OPTnumber = {number},
	OPTseries = {series},
	OPTtype = {type},
	OPTaddress = {address},
	OPTedition = {edition},
	OPTmonth = {month},
	OPTpages = {pages},
	OPTnote = {note},
	OPTannote = {annote},
}

@Proceedings{ID,
	title = {title},
	year = {year},
	OPTkey = {key},
	OPTeditor = {editor},
	OPTvolume = {volume},
	OPTnumber = {number},
	OPTseries = {series},
	OPTaddress = {address},
	OPTmonth = {month},
	OPTorganization = {organization},
	OPTpublisher = {publisher},
	OPTnote = {note},
	OPTannote = {annote},
}

@Book{ID,
	ALTauthor = {author},
	ALTeditor = {editor},
	title = {title},
	publisher = {publisher},
	year = {year},
	OPTkey = {key},
	OPTvolume = {volume},
	OPTnumber = {number},
	OPTseries = {series},
	OPTaddress = {address},
	OPTedition = {edition},
	OPTmonth = {month},
	OPTnote = {note},
	OPTannote = {annote},
}

@Booklet{ID,
	title = {title},
	OPTkey = {key},
	OPTauthor = {author},
	OPThowpublished = {howpublished},
	OPTaddress = {address},
	OPTmonth = {month},
	OPTyear = {year},
	OPTnote = {note},
	OPTannote = {annote},
}

@PhdThesis{ID,
	author = {author},
	title = {title},
	school = {school},
	year = {year},
	OPTkey = {key},
	OPTtype = {type},
	OPTaddress = {address},
	OPTmonth = {month},
	OPTnote = {note},
	OPTannote = {annote},
}

@MastersThesis{ID,
	author = {author},
	title = {title},
	school = {school},
	year = {year},
	OPTkey = {key},
	OPTtype = {type},
	OPTaddress = {address},
	OPTmonth = {month},
	OPTnote = {note},
	OPTannote = {annote},
}

@TechReport{ID,
	author = {author},
	title = {title},
	institution = {institution},
	year = {year},
	OPTkey = {key},
	OPTtype = {type},
	OPTnumber = {number},
	OPTaddress = {address},
	OPTmonth = {month},
	OPTnote = {note},
	OPTannote = {annote},
}

@Manual{ID,
	title = {title},
	OPTkey = {key},
	OPTauthor = {author},
	OPTorganization = {organization},
	OPTaddress = {address},
	OPTedition = {edition},
	OPTmonth = {month},
	OPTyear = {year},
	OPTnote = {note},
	OPTannote = {annote},
}

@Unpublished{ID,
	author = {author},
	title = {title},
	note = {note},
	OPTkey = {key},
	OPTmonth = {month},
	OPTyear = {year},
	OPTannote = {annote},
}

@Misc{ID,
	OPTkey = {key},
	OPTauthor = {author},
	OPTtitle = {title},
	OPThowpublished = {howpublished},
	OPTmonth = {month},
	OPTyear = {year},
	OPTnote = {note},
	OPTannote = {annote},
}
