@misc{world_bank_moment,
	author = {The World Bank},
	title = {World Bank Open Data},
	howpublished = {https://data.worldbank.org/},
	note = {Accessed: 2022-12-02}
}

@article{niapy,
	author  = {Vrban{\v{c}}i{\v{c}}, Grega and Brezo{\v{c}}nik, Lucija
	and Mlakar, Uro{\v{s}} and Fister, Du{\v{s}}an and {Fister Jr.}, Iztok},
	title   = {{NiaPy: Python microframework for building nature-inspired algorithms}},
	journal = {{Journal of Open Source Software}},
	year    = {2018},
	volume  = {3},
	issue   = {23},
	issn    = {2475-9066},
	doi     = {10.21105/joss.00613},
	url     = {https://doi.org/10.21105/joss.00613}
}

@article{evopreproc,
	author  = {Sa{\v{s}}o Karakati{\v{c}}},
	title   = {{EvoPreprocess—Data Preprocessing Framework with Nature-Inspired Optimization Algorithms}},
	journal = {{Mathematics}},
	number  = {6},
	year    = {2020},
	volume  = {8},
	article-number   = {900},
	issn    = {2227-7390},
	doi     = {10.3390/math8060900},
	url     = {https://www.mdpi.com/2227-7390/8/6/900}
}

@book{menard2002applied,
	title={Applied logistic regression analysis},
	author={Menard, Scott},
	number={106},
	year={2002},
	publisher={Sage}
}

@article{ballardini2018tutorial,
	title={A tutorial on particle swarm optimization clustering},
	author={Ballardini, Augusto Luis},
	journal={arXiv preprint arXiv:1809.01942},
	year={2018}
}

@misc{twdMLfeatsec,
	author = {Indraneel Dutta Baruah},
	title = {Deep-dive on ML techniques for feature selection in Python - Part 1},
	howpublished = {https://towardsdatascience.com/deep-dive-on-ml-techniques-for-feature-selection-in-python-part-1-3574269d5c69},
	note = {Accessed: 2022-12-02}
}

@article{piotrowski2020population,
	title={Population size in particle swarm optimization},
	author={Piotrowski, Adam P and Napiorkowski, Jaroslaw J and Piotrowska, Agnieszka E},
	journal={Swarm and Evolutionary Computation},
	volume={58},
	pages={100718},
	year={2020},
	publisher={Elsevier}
}

@inproceedings{rodrigues2013bcs,
	title={BCS: A binary cuckoo search algorithm for feature selection},
	author={Rodrigues, Douglas and Pereira, Luis AM and Almeida, TNS and Papa, Jo{\~a}o Paulo and Souza, AN and Ramos, Caio CO and Yang, Xin-She},
	booktitle={2013 IEEE International symposium on circuits and systems (ISCAS)},
	pages={465--468},
	year={2013},
	organization={IEEE}
}

@article{aziz2018modified,
	title={Modified cuckoo search algorithm with rough sets for feature selection},
	author={Aziz, Mohamed Abd El and Hassanien, Aboul Ella},
	journal={Neural Computing and Applications},
	volume={29},
	number={4},
	pages={925--934},
	year={2018},
	publisher={Springer}
}

@article{sinnathurai2013empirical,
	title={An empirical study on the nexus of poverty, GDP growth, dependency ratio and employment in developing countries},
	author={Sinnathurai, Vijayakumar},
	journal={Journal of competitiveness},
	year={2013},
	publisher={Tomas Bata University in Zl{\'\i}n}
}

@article{kelley1973population,
	title={Population growth, the dependency rate, and the pace of economic development},
	author={Kelley, Allen C},
	journal={Population Studies},
	volume={27},
	number={3},
	pages={405--414},
	year={1973},
	publisher={Taylor \& Francis}
}

@misc{sklearn_permutation,
	author = {scikit-learn developers},
	title = {Permutation Importance with Multicollinear or Correlated Features},
	howpublished = {https://scikit-learn.org/stable/auto\_examples/inspection/plot\_permutation\_importance\_multicollinear.html},
	note = {Accessed: 2022-12-04}
}

@misc{sklearnRegression,
	author = {scikit-learn developers},
	title = {sklearn.datasets.make\_regression},
	howpublished = {https://scikit-learn.org/stable/modules/generated/sklearn.datasets.make\_regression.html},
	note = {Accessed: 2022-12-06}
}

@article{karakativc2020evopreprocess,
	title={EvoPreprocess—Data Preprocessing Framework with Nature-Inspired Optimization Algorithms},
	author={Karakati{\v{c}}, Sa{\v{s}}o},
	journal={Mathematics},
	volume={8},
	number={6},
	pages={900},
	year={2020},
	publisher={MDPI}
}